<?xml version="1.0" encoding="UTF-8"?><collection xmlns="http://www.loc.gov/MARC21/slim"><record><leader>00418nam--2200145-i-4500</leader><controlfield tag="001">000003009</controlfield><controlfield tag="002">20161230</controlfield><controlfield tag="005">20161230201025</controlfield><controlfield tag="008">060222s1000------------r-----000-0-eng-d</controlfield><datafield ind1="1" ind2="0" tag="100"><subfield code="a">Tarski, A</subfield></datafield><datafield ind1=" " ind2=" " tag="245"><subfield code="a">Ordinal algebra.with appendices by chang and jonsson</subfield></datafield><datafield ind1=" " ind2=" " tag="260"><subfield code="a">Amsterdam,North Holland,1956. 133p</subfield></datafield><datafield ind1=" " ind2=" " tag="490"><subfield code="a">Studies In Logic And The Found Of Math</subfield></datafield><datafield ind1=" " ind2=" " tag="852"><subfield code="a">11687</subfield><subfield code="c">517.11</subfield></datafield><datafield ind1=" " ind2=" " tag="CAT"><subfield code="a">Sys</subfield><subfield code="c">20080715</subfield><subfield code="h">102521</subfield></datafield></record></collection>